 %============ Bibliography Syntaxe ============%
%      Just follow examples written below      %
%==============================================%

@electronic{1,
  author        = "Written by Alex Zawalnyski",
  title         = "",
  url           = "https://expertinsights.com/insights/the-top-dark-web-monitoring-solutions/",
  year          = "April. 2024",

}
@electronic{2,
  author        = "The world bank",
  title         = "",
  url           = "https://id4d.worldbank.org/guide/types-credentials-and-authenticators",
  year          = "2024",

}
@electronic{3,
  author        = "The world bank",
  title         = "",
  url           = "https://id4d.worldbank.org/guide/types-credentials-and-authenticators",
  year          = "2024",

}
@electronic{4,
  author        = "Sonar source",
  title         = "",
  url           = "https://www.sonarsource.com/learn/source-code/",
  year          = "2024",

}
@electronic{5,
  author        = "Sonar source",
  title         = "",
  url           = "https://www.sonarsource.com/learn/source-code/",
  year          = "2024",


}
@electronic{6,
 author        = "Sonar source",
  title         = "",
  url           = "https://www.sonarsource.com/learn/source-code/",
  year          = "2024",

}
@electronic{7,
  author        = "CSO online",
  title         = "",
  url           = "https://www.csoonline.com/article/571363/how-corporate-data-and-secrets-leak-from-github-repositories.html",
  year          = "2024",

}
@electronic{8,
  author        = "Alexandre Schmidt",
  title         = "",
  url           = "https://www.phonandroid.com/comment-aller-sur-le-dark-web.htmls",
  year          = "2024",

}
@electronic{9,
  author        = "Flare",
  title         = "",
  url           = "https://www.upwork.com/resources/best-web-scraper",
  year          = "2024",

}
@electronic{10,
  author        = "Bright Side",
  title         = "",
  url           = "https://www.upwork.com/resources/best-web-scraper-solutions/s",
  year          = "2024",

}
@electronic{11,
  author        = "Alex zawalinsky",
  title         = "",
  url           = "https://underdefense.com/",
  year          = "2024",

}
@electronic{12,
  author        = "Scraping Dog",
  title         = "",
  url           = "https://www.upwork.com/resources/best-web-scraper",
  year          = "2024",

}
@electronic{13,
  author        = "Alex zawalinsky",
  title         = "",
  url           = "https://www.upwork.com/resources/best-web-scraper",
  year          = "2024",

}
@electronic{14,
  author        = "AvesAPI",
  title         = "",
  url           = "https://www.upwork.com/resources/best-web-scraper",
  year          = "2024",

}
@electronic{15,
  author        = "Alex zawalinsky",
  title         = "",
  url           = "https://www.upwork.com/resources/best-web-scraper",
  year          = "2024",

}
@electronic{16,
  author        = "Parsehub",
  title         = "",
  url           = "https://www.upwork.com/resources/best-web-scraper",
  year          = "2024",

}

@electronic{17,

  organization  = "Seattle",
  title         = "Documentation Visual Studio Code",
  url           = "https://code.visualstudio.com/docs",

  year          = "Jan. 2022",

}
@electronic{18,

  organization  = "Oracle VirtualBox",
  title         = "",
  url           = "https://www.virtualbox.org/",

  year          = "Jan. 2022",

}
@electronic{19,

  organization  = "Python Software Foundation",
  title         = "Python",
  url           = "https://docs.python.org/fr/3/tutorial/",

  year          = "Nov. 2018",

}



%% You must use a backslash before special characters such as underscores, etc. in URLs
@electronic{20,

  organization  = "geeksforgeeks",
  title         = "Django Project MVT Structure",
  url           = "https://www.geeksforgeeks.org/django-project-mvt-structure/",
  year          = "Aout. 2021",

}

@electronic{21,

  organization  = "Python",
  title         = "Python",
  url           = "https://pypi.org/project/requests/",
  year          = "2023",

}
@electronic{22,

  organization  = "Node JS",
  title         = "Node JS",
  url           = "https://nodejs.org/en",
  year          = "2023",
}





